<record><leader>00000cas a2200000 a 4500</leader><controlfield tag="001">11942993</controlfield><controlfield tag="008">850419d1971198ucauar ne      0   a0eng c</controlfield><datafield ind1=" " ind2=" " tag="010"><subfield code="a">sn 00064389 </subfield></datafield><datafield ind1=" " ind2=" " tag="040"><subfield code="a">WIH</subfield><subfield code="b">eng</subfield><subfield code="c">WIH</subfield><subfield code="d">NVK</subfield><subfield code="d">NYS</subfield><subfield code="d">NVK</subfield><subfield code="d">GBVCP</subfield><subfield code="d">OCLCQ</subfield><subfield code="d">OCLCO</subfield></datafield><datafield ind1=" " ind2=" " tag="015"><subfield code="a">010386602</subfield><subfield code="2">dnb</subfield></datafield><datafield ind1="7" ind2=" " tag="016"><subfield code="a">43741-4</subfield><subfield code="2">DE-600</subfield></datafield><datafield ind1="1" ind2=" " tag="029"><subfield code="a">AU@</subfield><subfield code="b">000023159569</subfield></datafield><datafield ind1=" " ind2=" " tag="037"><subfield code="b">Rankokus Reservation, P.O. Box 225, Rancocas, N.J. 08073</subfield></datafield><datafield ind1=" " ind2=" " tag="042"><subfield code="a">pcc</subfield></datafield><datafield ind1=" " ind2=" " tag="043"><subfield code="a">n-us-nj</subfield></datafield><datafield ind1="0" ind2="0" tag="245"><subfield code="a">Attan-akamik.</subfield></datafield><datafield ind1="3" ind2="1" tag="246"><subfield code="a">Our fertile country</subfield></datafield><datafield ind1=" " ind2=" " tag="260"><subfield code="a">Davis, Calif. :</subfield><subfield code="b">Powhatan Press,</subfield><subfield code="c">[1971]-</subfield></datafield><datafield ind1=" " ind2=" " tag="300"><subfield code="a">v. :</subfield><subfield code="b">ill. ;</subfield><subfield code="c">44-58 cm.</subfield></datafield><datafield ind1=" " ind2=" " tag="310"><subfield code="a">Annual</subfield></datafield><datafield ind1="0" ind2=" " tag="362"><subfield code="a">Vol. 1, no. 3 (1971)-</subfield></datafield><datafield ind1="1" ind2=" " tag="362"><subfield code="a">Ceased by 1987.</subfield></datafield><datafield ind1=" " ind2=" " tag="500"><subfield code="a">Subtitle varies: The voice of the Powhatan-Renapoak People, 1971-1972; The voice of the Powhatan-Renape Nation, 1978-</subfield></datafield><datafield ind1=" " ind2=" " tag="500"><subfield code="a">Published at: Moorestown, N.J., 1978; Rancocas, N.J., &lt;, 1985&gt;-</subfield></datafield><datafield ind1=" " ind2=" " tag="515"><subfield code="a">Several issues not dated.</subfield></datafield><datafield ind1=" " ind2=" " tag="515"><subfield code="a">Vol. 2, no. 2 is: Special ed.</subfield></datafield><datafield ind1=" " ind2=" " tag="588"><subfield code="a">Latest issue consulted: Vol. 3, no. 8 (1986).</subfield></datafield><datafield ind1="2" ind2="0" tag="610"><subfield code="a">Powhatan Renape Nation.</subfield></datafield><datafield ind1=" " ind2="0" tag="650"><subfield code="a">Powhatan Indians</subfield><subfield code="v">Newspapers.</subfield></datafield><datafield ind1=" " ind2="0" tag="650"><subfield code="a">Rappahannock Indians</subfield><subfield code="v">Newspapers.</subfield></datafield><datafield ind1=" " ind2="0" tag="650"><subfield code="a">Indians of North America</subfield><subfield code="z">New Jersey</subfield><subfield code="v">Newspapers.</subfield></datafield><datafield ind1=" " ind2="0" tag="650"><subfield code="a">Indians of North America</subfield><subfield code="z">Virginia</subfield><subfield code="x">History.</subfield></datafield><datafield ind1=" " ind2="0" tag="651"><subfield code="a">Davis (Calif.)</subfield><subfield code="v">Newspapers.</subfield></datafield><datafield ind1=" " ind2="0" tag="651"><subfield code="a">Yolo County (Calif.)</subfield><subfield code="v">Newspapers.</subfield></datafield><datafield ind1=" " ind2="0" tag="651"><subfield code="a">Moorestown (N.J.)</subfield><subfield code="v">Newspapers.</subfield></datafield><datafield ind1=" " ind2="0" tag="651"><subfield code="a">Rancocas (N.J.)</subfield><subfield code="v">Newspapers.</subfield></datafield><datafield ind1=" " ind2="0" tag="651"><subfield code="a">Burlington County (N.J.)</subfield><subfield code="v">Newspapers.</subfield></datafield><datafield ind1=" " ind2="0" tag="651"><subfield code="a">Rankokus Reservation (N.J.)</subfield><subfield code="v">Newspapers.</subfield></datafield><datafield ind1="2" ind2=" " tag="710"><subfield code="a">Powhatan Renape Nation.</subfield></datafield><datafield ind1=" " ind2=" " tag="752"><subfield code="a">United States</subfield><subfield code="b">New Jersey</subfield><subfield code="c">Burlington</subfield><subfield code="d">Rancocas.</subfield></datafield><datafield ind1=" " ind2=" " tag="752"><subfield code="a">United States</subfield><subfield code="b">New Jersey</subfield><subfield code="c">Burlington</subfield><subfield code="d">Moorestown.</subfield></datafield><datafield ind1=" " ind2=" " tag="752"><subfield code="a">United States</subfield><subfield code="b">California</subfield><subfield code="c">Yolo</subfield><subfield code="d">Davis.</subfield></datafield><datafield ind1="0" ind2="0" tag="780"><subfield code="t">Tsen-akamak</subfield><subfield code="w">(DLC)sn 00064482</subfield><subfield code="w">(OCoLC)13276675</subfield></datafield><datafield ind1="0" ind2="0" tag="785"><subfield code="t">Attan akamik</subfield><subfield code="w">(DLC)sn 00064430</subfield><subfield code="w">(OCoLC)44493901</subfield></datafield></record>